@ARTICLE{li_etal16,
   author = {{Li}, N. and {Gladders}, M.~D. and {Rangel}, E.~M. and {Florian}, M.~K. and 
{Bleem}, L.~E. and {Heitmann}, K. and {Habib}, S. and {Fasel}, P.
},
    title = "{PICS: Simulations of Strong Gravitational Lensing in Galaxy Clusters}",
  journal = {\apj},
archivePrefix = "arXiv",
   eprint = {1511.03673},
 keywords = {galaxies: clusters: general, gravitational lensing: strong, methods: numerical },
     year = 2016,
    month = sep,
   volume = 828,
      eid = 54,
    pages = 54,
      doi = {10.3847/0004-637X/828/1/54},
   adsurl = {http://adsabs.harvard.edu/abs/2016ApJ...828...54L},
  adsnote = {Provided by the SAO/NASA Astrophysics Data System}
}



@ARTICLE{collett_etal12,
   author = {{Collett}, T.~E. and {Auger}, M.~W. and {Belokurov}, V. and 

{Marshall}, P.~J. and {Hall}, A.~C.},
    title = "{Constraining the dark energy equation of state with double-source plane strong lenses}",
  journal = {\mnras},
archivePrefix = "arXiv",
   eprint = {1203.2758},
 keywords = {gravitational lensing: strong, cosmological parameters, dark energy },
     year = 2012,
    month = aug,
   volume = 424,
    pages = {2864-2875},
      doi = {10.1111/j.1365-2966.2012.21424.x},
   adsurl = {http://adsabs.harvard.edu/abs/2012MNRAS.424.2864C},
  adsnote = {Provided by the SAO/NASA Astrophysics Data System}
}

@ARTICLE{collettandauger_14,
   author = {{Collett}, T.~E. and {Auger}, M.~W.},
    title = "{Cosmological constraints from the double source plane lens SDSSJ0946+1006}",
  journal = {\mnras},
archivePrefix = "arXiv",
   eprint = {1403.5278},
 keywords = {gravitational lensing: strong, cosmological parameters},
     year = 2014,
    month = sep,
   volume = 443,
    pages = {969-976},
      doi = {10.1093/mnras/stu1190},
   adsurl = {http://adsabs.harvard.edu/abs/2014MNRAS.443..969C},
  adsnote = {Provided by the SAO/NASA Astrophysics Data System}
}

@ARTICLE{jullo_etal10,
   author = {{Jullo}, E. and {Natarajan}, P. and {Kneib}, J.-P. and {D'Aloisio}, A. and 

{Limousin}, M. and {Richard}, J. and {Schimd}, C.},
    title = "{Cosmological Constraints from Strong Gravitational Lensing in Clusters of Galaxies}",
  journal = {Science},
archivePrefix = "arXiv",
   eprint = {1008.4802},
 primaryClass = "astro-ph.CO",
     year = 2010,
    month = aug,
   volume = 329,
    pages = {924-927},
      doi = {10.1126/science.1185759},
   adsurl = {http://adsabs.harvard.edu/abs/2010Sci...329..924J},
  adsnote = {Provided by the SAO/NASA Astrophysics Data System}
}

@ARTICLE{bonvin_etal17,
   author = {{Bonvin}, V. and {Courbin}, F. and {Suyu}, S.~H. and {Marshall}, P.~J. and 

{Rusu}, C.~E. and {Sluse}, D. and {Tewes}, M. and {Wong}, K.~C. and 
{Collett}, T. and {Fassnacht}, C.~D. and {Treu}, T. and {Auger}, M.~W. and 
{Hilbert}, S. and {Koopmans}, L.~V.~E. and {Meylan}, G. and 
{Rumbaugh}, N. and {Sonnenfeld}, A. and {Spiniello}, C.},
    title = "{H0LiCOW - V. New COSMOGRAIL time delays of HE 0435-1223: H$_{0}$ to 3.8 per cent precision from strong lensing in a flat {$\Lambda$}CDM model}",
  journal = {\mnras},
archivePrefix = "arXiv",
   eprint = {1607.01790},
 keywords = {gravitational lensing: strong, galaxies: individual: HE 0435-1223, cosmology: observations, distance scale},
     year = 2017,
    month = mar,
   volume = 465,
    pages = {4914-4930},
      doi = {10.1093/mnras/stw3006},
   adsurl = {http://adsabs.harvard.edu/abs/2017MNRAS.465.4914B},
  adsnote = {Provided by the SAO/NASA Astrophysics Data System}
}

@INPROCEEDINGS{connolly_etal10,
   author = {{Connolly}, A.~J. and {Peterson}, J. and {Jernigan}, J.~G. and 

{Abel}, R. and {Bankert}, J. and {Chang}, C. and {Claver}, C.~F. and 
{Gibson}, R. and {Gilmore}, D.~K. and {Grace}, E. and {Jones}, R.~L. and 
{Ivezic}, Z. and {Jee}, J. and {Juric}, M. and {Kahn}, S.~M. and 
{Krabbendam}, V.~L. and {Krughoff}, S. and {Lorenz}, S. and 
{Pizagno}, J. and {Rasmussen}, A. and {Todd}, N. and {Tyson}, J.~A. and 
{Young}, M.},
    title = "{Simulating the LSST system}",
booktitle = {Modeling, Systems Engineering, and Project Management for Astronomy IV},
     year = 2010,
   series = {\procspie},
   volume = 7738,
    month = jul,
      eid = {77381O},
    pages = {77381O},
      doi = {10.1117/12.857819},
   adsurl = {http://adsabs.harvard.edu/abs/2010SPIE.7738E..1OC},
  adsnote = {Provided by the SAO/NASA Astrophysics Data System}
}

@ARTICLE{galametz_etal13,
   author = {{Galametz}, A. and {Grazian}, A. and {Fontana}, A. and {Ferguson}, H.~C. and 

{Ashby}, M.~L.~N. and {Barro}, G. and {Castellano}, M. and {Dahlen}, T. and 
{Donley}, J.~L. and {Faber}, S.~M. and {Grogin}, N. and {Guo}, Y. and 
{Huang}, K.-H. and {Kocevski}, D.~D. and {Koekemoer}, A.~M. and 
{Lee}, K.-S. and {McGrath}, E.~J. and {Peth}, M. and {Willner}, S.~P. and 
{Almaini}, O. and {Cooper}, M. and {Cooray}, A. and {Conselice}, C.~J. and 
{Dickinson}, M. and {Dunlop}, J.~S. and {Fazio}, G.~G. and {Foucaud}, S. and 
{Gardner}, J.~P. and {Giavalisco}, M. and {Hathi}, N.~P. and 
{Hartley}, W.~G. and {Koo}, D.~C. and {Lai}, K. and {de Mello}, D.~F. and 
{McLure}, R.~J. and {Lucas}, R.~A. and {Paris}, D. and {Pentericci}, L. and 
{Santini}, P. and {Simpson}, C. and {Sommariva}, V. and {Targett}, T. and 
{Weiner}, B.~J. and {Wuyts}, S. and {the CANDELS Team}},
    title = "{CANDELS Multiwavelength Catalogs: Source Identification and Photometry in the CANDELS UKIDSS Ultra-deep Survey Field}",
  journal = {\apjs},
archivePrefix = "arXiv",
   eprint = {1305.1823},
 primaryClass = "astro-ph.CO",
 keywords = {galaxies: photometry, methods: data analysis, techniques: image processing},
     year = 2013,
    month = jun,
   volume = 206,
      eid = {10},
    pages = {10},
      doi = {10.1088/0067-0049/206/2/10},
   adsurl = {http://adsabs.harvard.edu/abs/2013ApJS..206...10G},
  adsnote = {Provided by the SAO/NASA Astrophysics Data System}
}

@ARTICLE{koekemoer_etal11,
   author = {{Koekemoer}, A.~M. and {Faber}, S.~M. and {Ferguson}, H.~C. and 

{Grogin}, N.~A. and {Kocevski}, D.~D. and {Koo}, D.~C. and {Lai}, K. and 
{Lotz}, J.~M. and {Lucas}, R.~A. and {McGrath}, E.~J. and {Ogaz}, S. and 
{Rajan}, A. and {Riess}, A.~G. and {Rodney}, S.~A. and {Strolger}, L. and 
{Casertano}, S. and {Castellano}, M. and {Dahlen}, T. and {Dickinson}, M. and 
{Dolch}, T. and {Fontana}, A. and {Giavalisco}, M. and {Grazian}, A. and 
{Guo}, Y. and {Hathi}, N.~P. and {Huang}, K.-H. and {van der Wel}, A. and 
{Yan}, H.-J. and {Acquaviva}, V. and {Alexander}, D.~M. and 
{Almaini}, O. and {Ashby}, M.~L.~N. and {Barden}, M. and {Bell}, E.~F. and 
{Bournaud}, F. and {Brown}, T.~M. and {Caputi}, K.~I. and {Cassata}, P. and 
{Challis}, P.~J. and {Chary}, R.-R. and {Cheung}, E. and {Cirasuolo}, M. and 
{Conselice}, C.~J. and {Roshan Cooray}, A. and {Croton}, D.~J. and 
{Daddi}, E. and {Dav{\'e}}, R. and {de Mello}, D.~F. and {de Ravel}, L. and 
{Dekel}, A. and {Donley}, J.~L. and {Dunlop}, J.~S. and {Dutton}, A.~A. and 
{Elbaz}, D. and {Fazio}, G.~G. and {Filippenko}, A.~V. and {Finkelstein}, S.~L. and 
{Frazer}, C. and {Gardner}, J.~P. and {Garnavich}, P.~M. and 
{Gawiser}, E. and {Gruetzbauch}, R. and {Hartley}, W.~G. and 
{H{\"a}ussler}, B. and {Herrington}, J. and {Hopkins}, P.~F. and 
{Huang}, J.-S. and {Jha}, S.~W. and {Johnson}, A. and {Kartaltepe}, J.~S. and 
{Khostovan}, A.~A. and {Kirshner}, R.~P. and {Lani}, C. and 
{Lee}, K.-S. and {Li}, W. and {Madau}, P. and {McCarthy}, P.~J. and 
{McIntosh}, D.~H. and {McLure}, R.~J. and {McPartland}, C. and 
{Mobasher}, B. and {Moreira}, H. and {Mortlock}, A. and {Moustakas}, L.~A. and 
{Mozena}, M. and {Nandra}, K. and {Newman}, J.~A. and {Nielsen}, J.~L. and 
{Niemi}, S. and {Noeske}, K.~G. and {Papovich}, C.~J. and {Pentericci}, L. and 
{Pope}, A. and {Primack}, J.~R. and {Ravindranath}, S. and {Reddy}, N.~A. and 
{Renzini}, A. and {Rix}, H.-W. and {Robaina}, A.~R. and {Rosario}, D.~J. and 
{Rosati}, P. and {Salimbeni}, S. and {Scarlata}, C. and {Siana}, B. and 
{Simard}, L. and {Smidt}, J. and {Snyder}, D. and {Somerville}, R.~S. and 
{Spinrad}, H. and {Straughn}, A.~N. and {Telford}, O. and {Teplitz}, H.~I. and 
{Trump}, J.~R. and {Vargas}, C. and {Villforth}, C. and {Wagner}, C.~R. and 
{Wandro}, P. and {Wechsler}, R.~H. and {Weiner}, B.~J. and {Wiklind}, T. and 
{Wild}, V. and {Wilson}, G. and {Wuyts}, S. and {Yun}, M.~S.
},
    title = "{CANDELS: The Cosmic Assembly Near-infrared Deep Extragalactic Legacy Survey{\mdash}The Hubble Space Telescope Observations, Imaging Data Products, and Mosaics}",
  journal = {\apjs},
archivePrefix = "arXiv",
   eprint = {1105.3754},
 keywords = {cosmology: observations, galaxies: high-redshift},
     year = 2011,
    month = dec,
   volume = 197,
      eid = {36},
    pages = {36},
      doi = {10.1088/0067-0049/197/2/36},
   adsurl = {http://adsabs.harvard.edu/abs/2011ApJS..197...36K},
  adsnote = {Provided by the SAO/NASA Astrophysics Data System}
}}

@ARTICLE{grogin_etal11,
   author = {{Grogin}, N.~A. and {Kocevski}, D.~D. and {Faber}, S.~M. and 

{Ferguson}, H.~C. and {Koekemoer}, A.~M. and {Riess}, A.~G. and 
{Acquaviva}, V. and {Alexander}, D.~M. and {Almaini}, O. and 
{Ashby}, M.~L.~N. and {Barden}, M. and {Bell}, E.~F. and {Bournaud}, F. and 
{Brown}, T.~M. and {Caputi}, K.~I. and {Casertano}, S. and {Cassata}, P. and 
{Castellano}, M. and {Challis}, P. and {Chary}, R.-R. and {Cheung}, E. and 
{Cirasuolo}, M. and {Conselice}, C.~J. and {Roshan Cooray}, A. and 
{Croton}, D.~J. and {Daddi}, E. and {Dahlen}, T. and {Dav{\'e}}, R. and 
{de Mello}, D.~F. and {Dekel}, A. and {Dickinson}, M. and {Dolch}, T. and 
{Donley}, J.~L. and {Dunlop}, J.~S. and {Dutton}, A.~A. and 
{Elbaz}, D. and {Fazio}, G.~G. and {Filippenko}, A.~V. and {Finkelstein}, S.~L. and 
{Fontana}, A. and {Gardner}, J.~P. and {Garnavich}, P.~M. and 
{Gawiser}, E. and {Giavalisco}, M. and {Grazian}, A. and {Guo}, Y. and 
{Hathi}, N.~P. and {H{\"a}ussler}, B. and {Hopkins}, P.~F. and 
{Huang}, J.-S. and {Huang}, K.-H. and {Jha}, S.~W. and {Kartaltepe}, J.~S. and 
{Kirshner}, R.~P. and {Koo}, D.~C. and {Lai}, K. and {Lee}, K.-S. and 
{Li}, W. and {Lotz}, J.~M. and {Lucas}, R.~A. and {Madau}, P. and 
{McCarthy}, P.~J. and {McGrath}, E.~J. and {McIntosh}, D.~H. and 
{McLure}, R.~J. and {Mobasher}, B. and {Moustakas}, L.~A. and 
{Mozena}, M. and {Nandra}, K. and {Newman}, J.~A. and {Niemi}, S.-M. and 
{Noeske}, K.~G. and {Papovich}, C.~J. and {Pentericci}, L. and 
{Pope}, A. and {Primack}, J.~R. and {Rajan}, A. and {Ravindranath}, S. and 
{Reddy}, N.~A. and {Renzini}, A. and {Rix}, H.-W. and {Robaina}, A.~R. and 
{Rodney}, S.~A. and {Rosario}, D.~J. and {Rosati}, P. and {Salimbeni}, S. and 
{Scarlata}, C. and {Siana}, B. and {Simard}, L. and {Smidt}, J. and 
{Somerville}, R.~S. and {Spinrad}, H. and {Straughn}, A.~N. and 
{Strolger}, L.-G. and {Telford}, O. and {Teplitz}, H.~I. and 
{Trump}, J.~R. and {van der Wel}, A. and {Villforth}, C. and 
{Wechsler}, R.~H. and {Weiner}, B.~J. and {Wiklind}, T. and 
{Wild}, V. and {Wilson}, G. and {Wuyts}, S. and {Yan}, H.-J. and 
{Yun}, M.~S.},
    title = "{CANDELS: The Cosmic Assembly Near-infrared Deep Extragalactic Legacy Survey}",
  journal = {\apjs},
archivePrefix = "arXiv",
   eprint = {1105.3753},
 keywords = {cosmology: observations, galaxies: high-redshift},
     year = 2011,
    month = dec,
   volume = 197,
      eid = {35},
    pages = {35},
      doi = {10.1088/0067-0049/197/2/35},
   adsurl = {http://adsabs.harvard.edu/abs/2011ApJS..197...35G},
  adsnote = {Provided by the SAO/NASA Astrophysics Data System}
}

@ARTICLE{pawase_etal12,
   author = {{Pawase}, R.~S. and {Faure}, C. and {Courbin}, F. and {Kokotanekova}, R. and 

{Meylan}, G.},
    title = "{A seven square degrees survey for galaxy-scale gravitational lenses with the HST imaging archive}",
  journal = {ArXiv e-prints},
archivePrefix = "arXiv",
   eprint = {1206.3412},
 primaryClass = "astro-ph.CO",
 keywords = {Astrophysics - Cosmology and Extragalactic Astrophysics},
     year = 2012,
    month = jun,
   adsurl = {http://adsabs.harvard.edu/abs/2012arXiv1206.3412P},
  adsnote = {Provided by the SAO/NASA Astrophysics Data System}
}

@ARTICLE{collett_15,
   author = {{Collett}, T.~E.},
    title = "{The Population of Galaxy-Galaxy Strong Lenses in Forthcoming Optical Imaging Surveys}",
  journal = {\apj},
archivePrefix = "arXiv",
   eprint = {1507.02657},
 keywords = {gravitational lensing: strong},
     year = 2015,
    month = sep,
   volume = 811,
      eid = {20},
    pages = {20},
      doi = {10.1088/0004-637X/811/1/20},
   adsurl = {http://adsabs.harvard.edu/abs/2015ApJ...811...20C},
  adsnote = {Provided by the SAO/NASA Astrophysics Data System}
}

@ARTICLE{bezecourt_etal98,
   author = {{Bezecourt}, J. and {Pello}, R. and {Soucail}, G.},
    title = "{Number counts and redshift distribution of gravitational arclets as a probe of galaxy evolution}",
  journal = {\aap},
   eprint = {astro-ph/9707169},
 keywords = {GALAXIES: CLUSTER: INDIVIDUAL: ABELL 370, ABELL 2218, GALAXIES: EVOLUTION, COSMOLOGY: OBSERVATIONS, GRAVITATIONAL LENSING},
     year = 1998,
    month = feb,
   volume = 330,
    pages = {399-411},
   adsurl = {http://adsabs.harvard.edu/abs/1998A%26A...330..399B},
  adsnote = {Provided by the SAO/NASA Astrophysics Data System}
}


@ARTICLE{oguriandmarshall_10,
   author = {{Oguri}, M. and {Marshall}, P.~J.},
    title = "{Gravitationally lensed quasars and supernovae in future wide-field optical imaging surveys}",
  journal = {\mnras},
archivePrefix = "arXiv",
   eprint = {1001.2037},
 keywords = {gravitational lensing: strong, cosmological parameters, cosmology: theory},
     year = 2010,
    month = jul,
   volume = 405,
    pages = {2579-2593},
      doi = {10.1111/j.1365-2966.2010.16639.x},
   adsurl = {http://adsabs.harvard.edu/abs/2010MNRAS.405.2579O},
  adsnote = {Provided by the SAO/NASA Astrophysics Data System}
}

               
@ARTICLE{sharon_etal05,
   author = {{Sharon}, K. and {Ofek}, E.~O. and {Smith}, G.~P. and {Broadhurst}, T. and 
{Maoz}, D. and {Kochanek}, C.~S. and {Oguri}, M. and {Suto}, Y. and 
{Inada}, N. and {Falco}, E.~E.},
    title = "{Discovery of Multiply Imaged Galaxies behind the Cluster and Lensed Quasar SDSS J1004+4112}",
  journal = {\apjl},
   eprint = {astro-ph/0507360},
 keywords = {Cosmology: Observations, galaxies: clusters: individual (SDSS J1004+4112), Cosmology: Gravitational Lensing, Cosmology: Large-Scale Structure of Universe},
     year = 2005,
    month = aug,
   volume = 629,
    pages = {L73-L76},
      doi = {10.1086/452633},
   adsurl = {http://adsabs.harvard.edu/abs/2005ApJ...629L..73S},
  adsnote = {Provided by the SAO/NASA Astrophysics Data System}
}
}

@ARTICLE{suyu_etal16,
   author = {{Suyu}, S.~H. and {Bonvin}, V. and {Courbin}, F. and {Fassnacht}, C.~D. and 

{Rusu}, C.~E. and {Sluse}, D. and {Treu}, T. and {Wong}, K.~C. and 
{Auger}, M.~W. and {Ding}, X. and {Hilbert}, S. and {Marshall}, P.~J. and 
{Rumbaugh}, N. and {Sonnenfeld}, A. and {Tewes}, M. and {Tihhonova}, O. and 
{Agnello}, A. and {Blandford}, R.~D. and {Chen}, G.~C.-F. and 
{Collett}, T. and {Koopmans}, L.~V.~E. and {Liao}, K. and {Meylan}, G. and 
{Spiniello}, C.},
    title = "{H0LiCOW I. $H\_0$ Lenses in COSMOGRAIL's Wellspring: Program Overview}",
  journal = {ArXiv e-prints},
archivePrefix = "arXiv",
   eprint = {1607.00017},
 keywords = {Astrophysics - Cosmology and Nongalactic Astrophysics, Astrophysics - Astrophysics of Galaxies},
     year = 2016,
    month = jun,
   adsurl = {http://adsabs.harvard.edu/abs/2016arXiv160700017S},
  adsnote = {Provided by the SAO/NASA Astrophysics Data System}
}}
@ARTICLE{suyu_etal14,
   author = {{Suyu}, S.~H. and {Treu}, T. and {Hilbert}, S. and {Sonnenfeld}, A. and 

{Auger}, M.~W. and {Blandford}, R.~D. and {Collett}, T. and 
{Courbin}, F. and {Fassnacht}, C.~D. and {Koopmans}, L.~V.~E. and 
{Marshall}, P.~J. and {Meylan}, G. and {Spiniello}, C. and {Tewes}, M.
},
    title = "{Cosmology from Gravitational Lens Time Delays and Planck Data}",
  journal = {\apjl},
archivePrefix = "arXiv",
   eprint = {1306.4732},
 keywords = {distance scale, galaxies: individual: RXJ1131-1231, gravitational lensing: strong, methods: data analysis},
     year = 2014,
    month = jun,
   volume = 788,
      eid = {L35},
    pages = {L35},
      doi = {10.1088/2041-8205/788/2/L35},
   adsurl = {http://adsabs.harvard.edu/abs/2014ApJ...788L..35S},
  adsnote = {Provided by the SAO/NASA Astrophysics Data System}
}}
@ARTICLE{xli_etal12,
   author = {{Li}, X. and {Hjorth}, J. and {Richard}, J.},
    title = "{The rates and time-delay distribution of multiply imaged supernovae behind lensing clusters}",
  journal = {\jcap},
archivePrefix = "arXiv",
   eprint = {1210.7681},
 primaryClass = "astro-ph.CO",
     year = 2012,
    month = nov,
   volume = 11,
      eid = {015},
    pages = {015},
      doi = {10.1088/1475-7516/2012/11/015},
   adsurl = {http://adsabs.harvard.edu/abs/2012JCAP...11..015L},
  adsnote = {Provided by the SAO/NASA Astrophysics Data System}
}

@ARTICLE{petrillo_etal17,
   author = {{Petrillo}, C.~E. and {Tortora}, C. and {Chatterjee}, S. and 

{Vernardos}, G. and {Koopmans}, L.~V.~E. and {Verdoes Kleijn}, G. and 
{Napolitano}, N.~R. and {Covone}, G. and {Schneider}, P. and 
{Grado}, A. and {McFarland}, J.},
    title = "{Finding Strong Gravitational Lenses in the Kilo Degree Survey with Convolutional Neural Networks}",
  journal = {ArXiv e-prints},
archivePrefix = "arXiv",
   eprint = {1702.07675},
 keywords = {Astrophysics - Astrophysics of Galaxies},
     year = 2017,
    month = feb,
   adsurl = {http://adsabs.harvard.edu/abs/2017arXiv170207675P},
  adsnote = {Provided by the SAO/NASA Astrophysics Data System}
}

@ARTICLE{lee_17,
   author = {{Lee}, C.-H.},
    title = "{A Computer Vision Approach To Identify Einstein Rings And Arcs}",
  journal = {ArXiv e-prints},
archivePrefix = "arXiv",
   eprint = {1702.07557},
 keywords = {Astrophysics - Astrophysics of Galaxies, Astrophysics - Instrumentation and Methods for Astrophysics},
     year = 2017,
    month = feb,
   adsurl = {http://adsabs.harvard.edu/abs/2017arXiv170207557L},
  adsnote = {Provided by the SAO/NASA Astrophysics Data System}
}

}

@ARTICLE{lanusse_etal17,
   author = {{Lanusse}, F. and {Ma}, Q. and {Li}, N. and {Collett}, T.~E. and 
{Li}, C.-L. and {Ravanbakhsh}, S. and {Mandelbaum}, R. and {Poczos}, B.
},
    title = "{CMU DeepLens: Deep Learning For Automatic Image-based Galaxy-Galaxy Strong Lens Finding}",
  journal = {ArXiv e-prints},
archivePrefix = "arXiv",
   eprint = {1703.02642},
 primaryClass = "astro-ph.IM",
 keywords = {Astrophysics - Instrumentation and Methods for Astrophysics, Astrophysics - Cosmology and Nongalactic Astrophysics, Astrophysics - Astrophysics of Galaxies},
     year = 2017,
    month = mar,
   adsurl = {http://adsabs.harvard.edu/abs/2017arXiv170302642L},
  adsnote = {Provided by the SAO/NASA Astrophysics Data System}
}

@ARTICLE{einstein_16,
   author = {{Einstein}, A.},
    title = "{{\"U}ber Friedrich Kottlers Abhandlung {\"U}ber Einsteins {\"A}quivalenzhypothese und die Gravitation}",
  journal = {Annalen der Physik},
     year = 1916,
   volume = 356,
    pages = {639-642},
      doi = {10.1002/andp.19163562206},
   adsurl = {http://adsabs.harvard.edu/abs/1916AnP...356..639E},
  adsnote = {Provided by the SAO/NASA Astrophysics Data System}
}

@ARTICLE{walsh_etal79,
   author = {{Walsh}, D. and {Carswell}, R.~F. and {Weymann}, R.~J.},
    title = "{0957 + 561 A, B - Twin quasistellar objects or gravitational lens}",
  journal = {\nat},
 keywords = {Emission Spectra, Gravitational Lenses, Quasars, Stellar Spectra, Absorption Spectra, Radio Spectroscopy, Spectrum Analysis},
     year = 1979,
    month = may,
   volume = 279,
    pages = {381-384},
      doi = {10.1038/279381a0},
   adsurl = {http://adsabs.harvard.edu/abs/1979Natur.279..381W},
  adsnote = {Provided by the SAO/NASA Astrophysics Data System}
}

@ARTICLE{kneibandnatarajan_11,
   author = {{Kneib}, J.-P. and {Natarajan}, P.},
    title = "{Cluster lenses}",
  journal = {\aapr},
archivePrefix = "arXiv",
   eprint = {1202.0185},
 primaryClass = "astro-ph.CO",
 keywords = {Cosmology: observations, Galaxies: evolution, Galaxies: formation, Gravitational lensing},
     year = 2011,
    month = nov,
   volume = 19,
      eid = {47},
    pages = {47},
      doi = {10.1007/s00159-011-0047-3},
   adsurl = {http://adsabs.harvard.edu/abs/2011A%26ARv..19...47K},
  adsnote = {Provided by the SAO/NASA Astrophysics Data System}
}


@INPROCEEDINGS{lyndsandpetrosian_86,
   author = {{Lynds}, R. and {Petrosian}, V.},
    title = "{Giant Luminous Arcs in Galaxy Clusters}",
booktitle = {Bulletin of the American Astronomical Society},
     year = 1986,
   series = {\baas},
   volume = 18,
    month = sep,
    pages = {1014},
   adsurl = {http://adsabs.harvard.edu/abs/1986BAAS...18R1014L},
  adsnote = {Provided by the SAO/NASA Astrophysics Data System}
}

@ARTICLE{alard_06,
   author = {{Alard}, C.},
    title = "{Automated detection of gravitational arcs}",
  journal = {ArXiv Astrophysics e-prints},
   eprint = {astro-ph/0606757},
 keywords = {Astrophysics},
     year = 2006,
    month = jun,
   adsurl = {http://adsabs.harvard.edu/abs/2006astro.ph..6757A},
  adsnote = {Provided by the SAO/NASA Astrophysics Data System}
}


@ARTICLE{seidelandbartelmann_07,
   author = {{Seidel}, G. and {Bartelmann}, M.},
    title = "{Arcfinder: an algorithm for the automatic detection of gravitational arcs}",
  journal = {\aap},
   eprint = {astro-ph/0607547},
 keywords = {gravitational lensing, methods: data analysis, techniques: image processing},
     year = 2007,
    month = sep,
   volume = 472,
    pages = {341-352},
      doi = {10.1051/0004-6361:20066097},
   adsurl = {http://adsabs.harvard.edu/abs/2007A%26A...472..341S},
  adsnote = {Provided by the SAO/NASA Astrophysics Data System}
}

@ARTICLE{kuboanddellantonio_08,
   author = {{Kubo}, J.~M. and {Dell'Antonio}, I.~P.},
    title = "{A method to search for strong galaxy-galaxy lenses in optical imaging surveys}",
  journal = {\mnras},
archivePrefix = "arXiv",
   eprint = {0712.3063},
 keywords = {gravitational lensing , galaxies: haloes},
     year = 2008,
    month = apr,
   volume = 385,
    pages = {918-928},
      doi = {10.1111/j.1365-2966.2008.12880.x},
   adsurl = {http://adsabs.harvard.edu/abs/2008MNRAS.385..918K},
  adsnote = {Provided by the SAO/NASA Astrophysics Data System}
}

@ARTICLE{maturi_etal14,
   author = {{Maturi}, M. and {Mizera}, S. and {Seidel}, G.},
    title = "{Multi-colour detection of gravitational arcs}",
  journal = {\aap},
archivePrefix = "arXiv",
   eprint = {1305.3608},
 keywords = {dark matter, galaxies: clusters: general, methods: observational, gravitational lensing: strong},
     year = 2014,
    month = jul,
   volume = 567,
      eid = {A111},
    pages = {A111},
      doi = {10.1051/0004-6361/201321634},
   adsurl = {http://adsabs.harvard.edu/abs/2014A%26A...567A.111M},
  adsnote = {Provided by the SAO/NASA Astrophysics Data System}
}

@ARTICLE{gavazzi_etal14,
   author = {{Gavazzi}, R. and {Marshall}, P.~J. and {Treu}, T. and {Sonnenfeld}, A.},
    title = "{RINGFINDER: Automated Detection of Galaxy-scale Gravitational Lenses in Ground-based Multi-filter Imaging Data}",
  journal = {\apj},
archivePrefix = "arXiv",
   eprint = {1403.1041},
 keywords = {methods: data analysis, methods: statistical, galaxies: elliptical and lenticular, cD, gravitational lensing: strong, surveys, techniques: miscellaneous },
     year = 2014,
    month = apr,
   volume = 785,
      eid = {144},
    pages = {144},
      doi = {10.1088/0004-637X/785/2/144},
   adsurl = {http://adsabs.harvard.edu/abs/2014ApJ...785..144G},
  adsnote = {Provided by the SAO/NASA Astrophysics Data System}
}


@ARTICLE{liandchen_09,
   author = {{Li}, N. and {Chen}, D.-M.},
    title = "{Cusp-core problem and strong gravitational lensing}",
  journal = {Research in Astronomy and Astrophysics},
archivePrefix = "arXiv",
   eprint = {0905.3041},
 primaryClass = "astro-ph.CO",
     year = 2009,
    month = nov,
   volume = 9,
    pages = {1173-1184},
      doi = {10.1088/1674-4527/9/11/001},
   adsurl = {http://adsabs.harvard.edu/abs/2009RAA.....9.1173L},
  adsnote = {Provided by the SAO/NASA Astrophysics Data System}
}
}

@ARTICLE{dye_etal08,
   author = {{Dye}, S. and {Evans}, N.~W. and {Belokurov}, V. and {Warren}, S.~J. and 

{Hewett}, P.},
    title = "{Models of the Cosmic Horseshoe gravitational lens J1004+4112}",
  journal = {\mnras},
archivePrefix = "arXiv",
   eprint = {0804.4002},
 keywords = {gravitational lensing , galaxies: structure},
     year = 2008,
    month = jul,
   volume = 388,
    pages = {384-392},
      doi = {10.1111/j.1365-2966.2008.13401.x},
   adsurl = {http://adsabs.harvard.edu/abs/2008MNRAS.388..384D},
  adsnote = {Provided by the SAO/NASA Astrophysics Data System}
}}
@ARTICLE{gavazzi_etal07,
   author = {{Gavazzi}, R. and {Treu}, T. and {Rhodes}, J.~D. and {Koopmans}, L.~V.~E. and 

{Bolton}, A.~S. and {Burles}, S. and {Massey}, R.~J. and {Moustakas}, L.~A.
},
    title = "{The Sloan Lens ACS Survey. IV. The Mass Density Profile of Early-Type Galaxies out to 100 Effective Radii}",
  journal = {\apj},
   eprint = {astro-ph/0701589},
 keywords = {Cosmology: Dark Matter, Galaxies: Elliptical and Lenticular, cD, Galaxies: Structure, Cosmology: Gravitational Lensing},
     year = 2007,
    month = sep,
   volume = 667,
    pages = {176-190},
      doi = {10.1086/519237},
   adsurl = {http://adsabs.harvard.edu/abs/2007ApJ...667..176G},
  adsnote = {Provided by the SAO/NASA Astrophysics Data System}
}}
@ARTICLE{koopmans_etal06,
   author = {{Koopmans}, L.~V.~E. and {Treu}, T. and {Bolton}, A.~S. and 

{Burles}, S. and {Moustakas}, L.~A.},
    title = "{The Sloan Lens ACS Survey. III. The Structure and Formation of Early-Type Galaxies and Their Evolution since z \~{} 1}",
  journal = {\apj},
   eprint = {astro-ph/0601628},
 keywords = {Galaxies: Elliptical and Lenticular, cD, Galaxies: Evolution, Galaxies: Formation, Galaxies: Structure, Cosmology: Gravitational Lensing},
     year = 2006,
    month = oct,
   volume = 649,
    pages = {599-615},
      doi = {10.1086/505696},
   adsurl = {http://adsabs.harvard.edu/abs/2006ApJ...649..599K},
  adsnote = {Provided by the SAO/NASA Astrophysics Data System}
}



@ARTICLE{joseph_etal14,
   author = {{Joseph}, R. and {Courbin}, F. and {Metcalf}, R.~B. and {Giocoli}, C. and 


{Hartley}, P. and {Jackson}, N. and {Bellagamba}, F. and {Kneib}, J.-P. and 
{Koopmans}, L. and {Lemson}, G. and {Meneghetti}, M. and {Meylan}, G. and 
{Petkova}, M. and {Pires}, S.},
    title = "{A PCA-based automated finder for galaxy-scale strong lenses}",
  journal = {\aap},
archivePrefix = "arXiv",
   eprint = {1403.1063},
 primaryClass = "astro-ph.IM",
 keywords = {gravitational lensing: strong, techniques: image processing, methods: data analysis, dark matter, surveys, cosmological parameters},
     year = 2014,
    month = jun,
   volume = 566,
      eid = {A63},
    pages = {A63},
      doi = {10.1051/0004-6361/201423365},
   adsurl = {http://adsabs.harvard.edu/abs/2014A%26A...566A..63J},
  adsnote = {Provided by the SAO/NASA Astrophysics Data System}
}

@ARTICLE{braultandgavazzi_15,
   author = {{Brault}, F. and {Gavazzi}, R.},
    title = "{Extensive light profile fitting of galaxy-scale strong lenses. Towards an automated lens detection method}",
  journal = {\aap},
 keywords = {gravitational lensing: strong, methods: data analysis, methods: statistical, techniques: miscellaneous, surveys, galaxies: elliptical and lenticular, cD},
     year = 2015,
    month = may,
   volume = 577,
      eid = {A85},
    pages = {A85},
      doi = {10.1051/0004-6361/201425275},
   adsurl = {http://adsabs.harvard.edu/abs/2015A%26A...577A..85B},
  adsnote = {Provided by the SAO/NASA Astrophysics Data System}
}

@ARTICLE{paraficz_etal16,
   author = {{Paraficz}, D. and {Courbin}, F. and {Tramacere}, A. and {Joseph}, R. and 
{Metcalf}, R.~B. and {Kneib}, J.-P. and {Dubath}, P. and {Droz}, D. and 
{Filleul}, F. and {Ringeisen}, D. and {Sch{\"a}fer}, C.},
    title = "{The PCA Lens-Finder: application to CFHTLS}",
  journal = {ArXiv e-prints},
archivePrefix = "arXiv",
   eprint = {1605.04309},
 keywords = {Astrophysics - Astrophysics of Galaxies, Astrophysics - Cosmology and Nongalactic Astrophysics},
     year = 2016,
    month = may,
   adsurl = {http://adsabs.harvard.edu/abs/2016arXiv160504309P},
  adsnote = {Provided by the SAO/NASA Astrophysics Data System}
}

@ARTICLE{Xu_etal16,
   author = {{Xu}, B. and {Postman}, M. and {Meneghetti}, M. and {Seitz}, S. and 
{Zitrin}, A. and {Merten}, J. and {Maoz}, D. and {Frye}, B. and 
{Umetsu}, K. and {Zheng}, W. and {Bradley}, L. and {Vega}, J. and 
{Koekemoer}, A.},
    title = "{The Detection and Statistics of Giant Arcs behind CLASH Clusters}",
  journal = {\apj},
archivePrefix = "arXiv",
   eprint = {1511.04002},
 keywords = {galaxies: clusters: general, gravitational lensing: strong, methods: numerical, methods: observational, methods: statistical},
     year = 2016,
    month = feb,
   volume = 817,
      eid = {85},
    pages = {85},
      doi = {10.3847/0004-637X/817/2/85},
   adsurl = {http://adsabs.harvard.edu/abs/2016ApJ...817...85X},
  adsnote = {Provided by the SAO/NASA Astrophysics Data System}
}


@ARTICLE{estrada_etal07,
   author = {{Estrada}, J. and {Annis}, J. and {Diehl}, H.~T. and {Hall}, P.~B. and 

{Las}, T. and {Lin}, H. and {Makler}, M. and {Merritt}, K.~W. and 
{Scarpine}, V. and {Allam}, S. and {Tucker}, D.},
    title = "{A Systematic Search for High Surface Brightness Giant Arcs in a Sloan Digital Sky Survey Cluster Sample}",
  journal = {\apj},
   eprint = {astro-ph/0701383},
 keywords = {Galaxies: Clusters: General, Cosmology: Gravitational Lensing, Surveys},
     year = 2007,
    month = may,
   volume = 660,
    pages = {1176-1185},
      doi = {10.1086/512599},
   adsurl = {http://adsabs.harvard.edu/abs/2007ApJ...660.1176E},
  adsnote = {Provided by the SAO/NASA Astrophysics Data System}
}

@ARTICLE{jackson_08,
   author = {{Jackson}, N.},
    title = "{Gravitational lenses and lens candidates identified from the COSMOS field}",
  journal = {\mnras},
archivePrefix = "arXiv",
   eprint = {0806.3693},
 keywords = {gravitational lensing , galaxies: individual: COSMOSJ100140.12+020040.9 , galaxies: individual: COSMOSJ095930.94+023427.7 , galaxies: individual: COSMOSJ100126.02+013714.5},
     year = 2008,
    month = sep,
   volume = 389,
    pages = {1311-1318},
      doi = {10.1111/j.1365-2966.2008.13629.x},
   adsurl = {http://adsabs.harvard.edu/abs/2008MNRAS.389.1311J},
  adsnote = {Provided by the SAO/NASA Astrophysics Data System}
}

@ARTICLE{marshall_etal16,
   author = {{Marshall}, P.~J. and {Verma}, A. and {More}, A. and {Davis}, C.~P. and 
{More}, S. and {Kapadia}, A. and {Parrish}, M. and {Snyder}, C. and 
{Wilcox}, J. and {Baeten}, E. and {Macmillan}, C. and {Cornen}, C. and 
{Baumer}, M. and {Simpson}, E. and {Lintott}, C.~J. and {Miller}, D. and 
{Paget}, E. and {Simpson}, R. and {Smith}, A.~M. and {K{\"u}ng}, R. and 
{Saha}, P. and {Collett}, T.~E.},
    title = "{SPACE WARPS - I. Crowdsourcing the discovery of gravitational lenses}",
  journal = {\mnras},
archivePrefix = "arXiv",
   eprint = {1504.06148},
 primaryClass = "astro-ph.IM",
 keywords = {gravitational lensing: strong, methods: statistical},
     year = 2016,
    month = jan,
   volume = 455,
    pages = {1171-1190},
      doi = {10.1093/mnras/stv2009},
   adsurl = {http://adsabs.harvard.edu/abs/2016MNRAS.455.1171M},
  adsnote = {Provided by the SAO/NASA Astrophysics Data System}
}

@ARTICLE{lenzen_etal04,
   author = {{Lenzen}, F. and {Schindler}, S. and {Scherzer}, O.},
    title = "{Automatic detection of arcs and arclets formed by gravitational lensing}",
  journal = {\aap},
   eprint = {astro-ph/0311554},
 keywords = {methods: data analysis, techniques: image processing, galaxies: clusters: general, gravitational lensing},
     year = 2004,
    month = mar,
   volume = 416,
    pages = {391-401},
      doi = {10.1051/0004-6361:20034619},
   adsurl = {http://adsabs.harvard.edu/abs/2004A%26A...416..391L},
  adsnote = {Provided by the SAO/NASA Astrophysics Data System}
}

@ARTICLE{more_etal16,
   author = {{More}, A. and {Verma}, A. and {Marshall}, P.~J. and {More}, S. and 


{Baeten}, E. and {Wilcox}, J. and {Macmillan}, C. and {Cornen}, C. and 
{Kapadia}, A. and {Parrish}, M. and {Snyder}, C. and {Davis}, C.~P. and 
{Gavazzi}, R. and {Lintott}, C.~J. and {Simpson}, R. and {Miller}, D. and 
{Smith}, A.~M. and {Paget}, E. and {Saha}, P. and {K{\"u}ng}, R. and 
{Collett}, T.~E.},
    title = "{SPACE WARPS- II. New gravitational lens candidates from the CFHTLS discovered through citizen science}",
  journal = {\mnras},
archivePrefix = "arXiv",
   eprint = {1504.05587},
 keywords = {gravitational lensing: strong, methods: statistical},
     year = 2016,
    month = jan,
   volume = 455,
    pages = {1191-1210},
      doi = {10.1093/mnras/stv1965},
   adsurl = {http://adsabs.harvard.edu/abs/2016MNRAS.455.1191M},
  adsnote = {Provided by the SAO/NASA Astrophysics Data System}
}

@ARTICLE{agnello_etal15,
   author = {{Agnello}, A. and {Kelly}, B.~C. and {Treu}, T. and {Marshall}, P.~J.


},
    title = "{Data mining for gravitationally lensed quasars}",
  journal = {\mnras},
archivePrefix = "arXiv",
   eprint = {1410.4565},
 keywords = {gravitational lensing: strong, methods: statistical, techniques: image processing},
     year = 2015,
    month = apr,
   volume = 448,
    pages = {1446-1462},
      doi = {10.1093/mnras/stv037},
   adsurl = {http://adsabs.harvard.edu/abs/2015MNRAS.448.1446A},
  adsnote = {Provided by the SAO/NASA Astrophysics Data System}
}


@ARTICLE{marshall_etal09,
   author = {{Marshall}, P.~J. and {Hogg}, D.~W. and {Moustakas}, L.~A. and 

{Fassnacht}, C.~D. and {Brada{\v c}}, M. and {Schrabback}, T. and 
{Blandford}, R.~D.},
    title = "{Automated Detection of Galaxy-Scale Gravitational Lenses in High-Resolution Imaging Data}",
  journal = {\apj},
archivePrefix = "arXiv",
   eprint = {0805.1469},
 keywords = {galaxies: elliptical and lenticular, cD, gravitational lensing, methods: data analysis, methods: statistical, surveys, techniques: miscellaneous},
     year = 2009,
    month = apr,
   volume = 694,
    pages = {924-942},
      doi = {10.1088/0004-637X/694/2/924},
   adsurl = {http://adsabs.harvard.edu/abs/2009ApJ...694..924M},
  adsnote = {Provided by the SAO/NASA Astrophysics Data System}
}


@ARTICLE{bom_etal16,
   author = {{Bom}, C.~R. and {Makler}, M. and {Albuquerque}, M.~P. and {Brandt}, C.~H.


},
    title = "{A Neural Network Gravitational Arc Finder Based on the Mediatrix Filamentation Method}",
  journal = {ArXiv e-prints},
archivePrefix = "arXiv",
   eprint = {1607.04644},
 keywords = {Astrophysics - Cosmology and Nongalactic Astrophysics},
     year = 2016,
    month = jul,
   adsurl = {http://adsabs.harvard.edu/abs/2016arXiv160704644B},
  adsnote = {Provided by the SAO/NASA Astrophysics Data System}
}

@ARTICLE{dalalandtriggs_05,
   author = {{Dalal}, N. and {Triggs}, B.},
    title = "{Histograms of Oriented Gradients for Human Detection}",
  journal = {IEEE Computer Society Conference on Computer Vision and Pattern Recognition},
     year = 2005
}



@ARTICLE{pedregosa_etal12,
   author = {{Pedregosa}, F. and {Varoquaux}, G. and {Gramfort}, A. and {Michel}, V. and 


{Thirion}, B. and {Grisel}, O. and {Blondel}, M. and {Prettenhofer}, P. and 
{Weiss}, R. and {Dubourg}, V. and {Vanderplas}, J. and {Passos}, A. and 
{Cournapeau}, D. and {Brucher}, M. and {Perrot}, M. and {Duchesnay}, {\'E}.
},
    title = "{Scikit-learn: Machine Learning in Python}",
  journal = {ArXiv e-prints},
archivePrefix = "arXiv",
   eprint = {1201.0490},
 primaryClass = "cs.LG",
 keywords = {Computer Science - Learning, Computer Science - Mathematical Software},
     year = 2012,
    month = jan,
   adsurl = {http://adsabs.harvard.edu/abs/2012arXiv1201.0490P},
  adsnote = {Provided by the SAO/NASA Astrophysics Data System}
}

@ARTICLE{zahid_etal15,
   author = {{Zahid}, H.~J. and {Damjanov}, I. and {Geller}, M.~J. and {Chilingarian}, I.

},
    title = "{Quiescent Compact Galaxies at Intermediate Redshift in the COSMOS Field. II. The Fundamental Plane of Massive Galaxies}",
  journal = {\apj},
archivePrefix = "arXiv",
   eprint = {1501.04977},
 keywords = {galaxies: evolution, galaxies: formation, galaxies: high-redshift, galaxies: structure},
     year = 2015,
    month = jun,
   volume = 806,
      eid = {122},
    pages = {122},
      doi = {10.1088/0004-637X/806/1/122},
   adsurl = {http://adsabs.harvard.edu/abs/2015ApJ...806..122Z},
  adsnote = {Provided by the SAO/NASA Astrophysics Data System}
}

@ARTICLE{lintott_etal08,
   author = {{Lintott}, C.~J. and {Schawinski}, K. and {Slosar}, A. and {Land}, K. and 
{Bamford}, S. and {Thomas}, D. and {Raddick}, M.~J. and {Nichol}, R.~C. and 
{Szalay}, A. and {Andreescu}, D. and {Murray}, P. and {Vandenberg}, J.
},
    title = "{Galaxy Zoo: morphologies derived from visual inspection of galaxies from the Sloan Digital Sky Survey}",
  journal = {\mnras},
archivePrefix = "arXiv",
   eprint = {0804.4483},
 keywords = {methods: data analysis , galaxies: elliptical and lenticular, cD , galaxies: general , galaxies: spiral},
     year = 2008,
    month = sep,
   volume = 389,
    pages = {1179-1189},
      doi = {10.1111/j.1365-2966.2008.13689.x},
   adsurl = {http://adsabs.harvard.edu/abs/2008MNRAS.389.1179L},
  adsnote = {Provided by the SAO/NASA Astrophysics Data System}
}

@ARTICLE{dieleman_etal15,
   author = {{Dieleman}, S. and {Willett}, K.~W. and {Dambre}, J.},
    title = "{Rotation-invariant convolutional neural networks for galaxy morphology prediction}",
  journal = {\mnras},
archivePrefix = "arXiv",
   eprint = {1503.07077},
 primaryClass = "astro-ph.IM",
 keywords = {methods: data analysis, techniques: image processing, catalogues, galaxies: general},
     year = 2015,
    month = jun,
   volume = 450,
    pages = {1441-1459},
      doi = {10.1093/mnras/stv632},
   adsurl = {http://adsabs.harvard.edu/abs/2015MNRAS.450.1441D},
  adsnote = {Provided by the SAO/NASA Astrophysics Data System}
}


@ARTICLE{warrenanddye_03,
   author = {{Warren}, S.~J. and {Dye}, S.},
    title = "{Semilinear Gravitational Lens Inversion}",
  journal = {\apj},
   eprint = {astro-ph/0302587},
 keywords = {Cosmology: Gravitational Lensing},
     year = 2003,
    month = jun,
   volume = 590,
    pages = {673-682},
      doi = {10.1086/375132},
   adsurl = {http://adsabs.harvard.edu/abs/2003ApJ...590..673W},
  adsnote = {Provided by the SAO/NASA Astrophysics Data System}
}

@ARTICLE{allam_etal07,
   author = {{Allam}, S.~S. and {Tucker}, D.~L. and {Lin}, H. and {Diehl}, H.~T. and 


{Annis}, J. and {Buckley-Geer}, E.~J. and {Frieman}, J.~A.},
    title = "{The 8 O'Clock Arc: A Serendipitous Discovery of a Strongly Lensed Lyman Break Galaxy in the SDSS DR4 Imaging Data}",
  journal = {\apjl},
   eprint = {astro-ph/0611138},
 keywords = {Galaxies: High-Redshift, Cosmology: Gravitational Lensing},
     year = 2007,
    month = jun,
   volume = 662,
    pages = {L51-L54},
      doi = {10.1086/519520},
   adsurl = {http://adsabs.harvard.edu/abs/2007ApJ...662L..51A},
  adsnote = {Provided by the SAO/NASA Astrophysics Data System}
}


@ARTICLE{kochanek_96,
   author = {{Kochanek}, C.~S.},
    title = "{The Flat-Spectrum Radio Luminosity Function, Gravitational Lensing, Galaxy Ellipticities, and Cosmology}",
  journal = {\apj},
   eprint = {astro-ph/9611231},
 keywords = {COSMOLOGY: THEORY, GALAXIES: ELLIPTICAL AND LENTICULAR, CD, GALAXIES: LUMINOSITY FUNCTION, MASS FUNCTION, GALAXIES: STRUCTURE, COSMOLOGY: GRAVITATIONAL LENSING, RADIO CONTINUUM: GALAXIES},
     year = 1996,
    month = dec,
   volume = 473,
    pages = {595},
      doi = {10.1086/178175},
   adsurl = {http://adsabs.harvard.edu/abs/1996ApJ...473..595K},
  adsnote = {Provided by the SAO/NASA Astrophysics Data System}
}

@ARTICLE{chae_03,
   author = {{Chae}, K.-H.},
    title = "{The Cosmic Lens All-Sky Survey: statistical strong lensing, cosmological parameters, and global properties of galaxy populations}",
  journal = {\mnras},
   eprint = {astro-ph/0211244},
 keywords = {gravitational lensing, methods: statistical, galaxies: haloes, galaxies: kinematics and dynamics, galaxies: structure, cosmological parameters},
     year = 2003,
    month = dec,
   volume = 346,
    pages = {746-772},
      doi = {10.1111/j.1365-2966.2003.07092.x},
   adsurl = {http://adsabs.harvard.edu/abs/2003MNRAS.346..746C},
  adsnote = {Provided by the SAO/NASA Astrophysics Data System}
}


@ARTICLE{linder_04,
   author = {{Linder}, E.~V.},
    title = "{Strong gravitational lensing and dark energy complementarity}",
  journal = {\prd},
   eprint = {astro-ph/0401433},
 keywords = {Cosmology, Gravitational lenses and luminous arcs},
     year = 2004,
    month = aug,
   volume = 70,
   number = 4,
      eid = {043534},
    pages = {043534},
      doi = {10.1103/PhysRevD.70.043534},
   adsurl = {http://adsabs.harvard.edu/abs/2004PhRvD..70d3534L},
  adsnote = {Provided by the SAO/NASA Astrophysics Data System}
}

@ARTICLE{miraldaescudeandlehar_92,
   author = {{Miralda-Escude}, J. and {Lehar}, J.},
    title = "{Optical rings - A large number of gravitational lenses?}",
  journal = {\mnras},
 keywords = {Gravitational Lenses, Light (Visible Radiation), Rings, Radio Astronomy, Visual Observation},
     year = 1992,
    month = dec,
   volume = 259,
    pages = {31P-34P},
      doi = {10.1093/mnras/259.1.31P},
   adsurl = {http://adsabs.harvard.edu/abs/1992MNRAS.259P..31M},
  adsnote = {Provided by the SAO/NASA Astrophysics Data System}
}


@ARTICLE{gladders_etal03,
   author = {{Gladders}, M.~D. and {Hoekstra}, H. and {Yee}, H.~K.~C. and 


{Hall}, P.~B. and {Barrientos}, L.~F.},
    title = "{The Incidence of Strong-Lensing Clusters in the Red-Sequence Cluster Survey}",
  journal = {\apj},
   eprint = {astro-ph/0303341},
 keywords = {Cosmology: Cosmological Parameters, Galaxies: Clusters: General, Cosmology: Gravitational Lensing, Surveys},
     year = 2003,
    month = aug,
   volume = 593,
    pages = {48-55},
      doi = {10.1086/376518},
   adsurl = {http://adsabs.harvard.edu/abs/2003ApJ...593...48G},
  adsnote = {Provided by the SAO/NASA Astrophysics Data System}
}
}

@BOOK{hastie_09,
   title = "The elements of statistical learning : data mining, inference, and prediction",
   author = "Hastie, Trevor J. and Tibshirani, Robert John and Friedman, Jerome H.",
   series = "Springer series in statistics",
   publisher = "Springer",
   address = "New York",
   url = "http://statweb.stanford.edu/~tibs/ElemStatLearn/",
   isbn = "978-0-387-84857-0",
   year = 2009
}
